% Batee bibliography

@ARTICLE{Ferreau2014,
author = {H.J. Ferreau and C. Kirches and A. Potschka and H.G. Bock and M. Diehl},
title = {{qpOASES}: A parametric active-set algorithm for quadratic programming},
journal = {Mathematical Programming Computation},
year = {2014},
volume = {6},
number = {4},
pages = {327--363},
keywords = {qpOASES, parametric quadratic programming, active set method,
model predictive control}
}

@ARTICLE{Takacs2015,
author = {G. Tak\'{a}cs and G. Batista and M. Gulan and B. Roha\v{l}-Ilkiv},
title = {Embedded Explicit Model Predictive Vibration Control},
year = {2015},
institution = {Slovak University of Technology},
note = {Under review}
}

@BOOK{Fuller1996,
  AUTHOR =       {C. R. Fuller and S. J. Elliott and P. A. Nelson},
  TITLE =        {Active Control of Vibration},
  YEAR =    	 {1996},
  EDITION =		 {1.},
  PUBLISHER =	 {Academic Press},
  ADDRESS =		 {San Francisco, CA, United States of America},
}

@BOOK{Inman06,
  AUTHOR =       {Daniel J. Inman},
  TITLE =        {Vibration with control},
  PUBLISHER =    {John Wiley \& Sons},
  ADDRESS =      {Chichester, England},
  MONTH =        {October},
  YEAR =         {2006},
}

@BOOK{Maci02,
	AUTHOR = "Maciejowski, J. M.",
	TITLE = "Predictive {C}ontrol with {C}onstraints",
	PUBLISHER = "Prentice Hall",
	ADDRESS = "Upper Saddle River, NJ",
	MONTH = "September",
	YEAR = "2000",
}

@BOOK{Rossiter03,
	AUTHOR = "J. A. Rossiter",
	TITLE = "Model-Based Predictive Control: A Practical Approach",
	PUBLISHER = "CRC Press",
	ADDRESS = "Boca Raton, FL",
	MONTH = "June",
	YEAR = "2003",
	EDITION = "1.",
	}
	
@BOOK{Camacho2007,
  author =       {E. F. Camacho and C. Bordons},
  title =        {Model Predictive Control},
  publisher =    {Springer},
  year =         {2007},
  month =	     {April},
  edition = 	 {second},
  address =      {London, United Kingdom}
}

@BOOK{Fuller1996,
  AUTHOR =       {C. R. Fuller and S. J. Elliott and P. A. Nelson},
  TITLE =        {Active Control of Vibration},
  YEAR =    	 {1996},
  EDITION =		 {1.},
  PUBLISHER =	 {Academic Press},
  ADDRESS =		 {San Francisco, CA, United States of America},
}

@BOOK{Benaroya2010,
  AUTHOR =       {Benaroya, H. and Nagurka, M. L.},
  TITLE =        {Mechanical Vibration: Analysis, Uncertainities and Control},
  YEAR =    	 {2010},
  EDITION =		 {3.},
  PUBLISHER =	 {CRC Press, Taylor\&Francis Group},
  ADDRESS =		 {Boca Raton, FL},
}

@BOOK{Ogata1997,
author = {Ogata K.},
title = {Modern {C}ontrol {E}ngineering},
year = {1997},
publisher = {Prentice Hall},
address = {Upper Saddle River, New Jersey 07458}
edition = {3.}
}

@book{Fadali2012,
author = {M. Sami Fadali and Antonio Visioli},
title = {Digital {C}ontrol {E}ngineering, {S}econd {E}dition: {A}nalysis and {D}esign},
year = {september 2012},
publisher = {Academic Press}
}

@article{Kwon1998,
author = {Ho-Chul Kwon, Man-Cheol Kim, In-Won Lee},
title = {Vibration control of bridges under moving loads},
year = {1998},
journal = {Computers and Structures},
volume = {66},
page = {473-480},
}

@INPROCEEDINGS{Jahromi2010,
author={Jahromi, A.F. and Zabihollah, A.},
booktitle={2010 IEEE/ASME International Conference on Mechatronics and Embedded Systems and Applications (MESA)}, title={Linear Quadratic Regulator and Fuzzy controller application in full-car model of suspension system with Magnetorheological shock absorber},
year={2010},
month=jul,
volume={},
number={},
pages={522 -528},
keywords={alteration;automotive vibration;control mechanism;damping coefficient;full-car model;fuzzy controller application;fuzzy logic;inducing magnetic field;linear quadratic regulator;magnetorheological damper;magnetorheological shock absorber;mass-spring model;optimal control algorithm;passenger car;road profile;semiactive vibration control;seven-degrees-of-freedom;suspension system;vibration response;automobiles;automotive components;design engineering;fuzzy control;linear quadratic control;magnetic fields;magnetorheology;optimal control;shock absorbers;springs (mechanical);vibration control;},
doi={10.1109/MESA.2010.5552010},
ISSN={},}

@article{Bittanti02,
title = "Periodic active control of vibrations in helicopters: a gain-scheduled multi-objective approach",
journal = "Control Engineering Practice",
volume = "10",
number = "10",
pages = "1043 - 1057",
year = "2002",
note = "",
issn = "0967-0661",
doi = "10.1016/S0967-0661(02)00052-7",
url = "http://www.sciencedirect.com/science/article/B6V2H-45KSPJJ-3/2/9647861ce849d131c7d4b90cdb964751",
author = "Sergio Bittanti and Francesco A. Cuzzola",
keywords = "Active control of vibrations",
keywords = "Gain scheduling",
keywords = "Periodic control",
keywords = "Linear parametrically varying systems",
keywords = "Linear matrix inequalities"
}

@article{Fanson1990,
author = {J. L. Fanson and T. K. Caughey},
title = {Positive position feedback control for large space structures},
journal = {AIAA Journal},
year = {april 1990},
volume = {28},
number = {4},
}

@article{Switonski2007,
author = {E. \'{S}wito\'{n}ski and A. M\k{e}\.{z}yk and W. Klein},
title = {Application of smart materials in vibration control systems},
year = {2007},
journal = {Journal of {A}chievments in {M}aterials and {M}anufacturing {E}ngineering},
volume = {24},
number = {1},
}